<?xml version="1.0" encoding="UTF-8"?><collection xmlns="http://www.loc.gov/MARC21/slim"><record><leader>00379nam--2200133-i-4500</leader><controlfield tag="001">000021922</controlfield><controlfield tag="002">20161230</controlfield><controlfield tag="005">20161230201034</controlfield><controlfield tag="008">060222s1000------------r-----000-0-eng-d</controlfield><datafield ind1=" " ind2=" " tag="100"><subfield code="a">Hofmann Klaus</subfield></datafield><datafield ind1=" " ind2=" " tag="245"><subfield code="a">Imidazole and its derivates. part i</subfield></datafield><datafield ind1=" " ind2=" " tag="260"><subfield code="a">New York, Interscience Publishers, 1953, Xviii + 447p</subfield></datafield><datafield ind1=" " ind2=" " tag="490"><subfield code="a">The Chemistry Of Heterodyclic Compounds</subfield></datafield><datafield ind1=" " ind2=" " tag="852"><subfield code="a">15649</subfield></datafield></record></collection>